<?xml version="1.0" encoding="UTF-8"?><record xmlns="http://www.loc.gov/MARC21/slim" xmlns:cinclude="http://apache.org/cocoon/include/1.0" xmlns:zs="http://www.loc.gov/zing/srw/">
  <leader>00485nz  a2200133n  4500</leader>
  <controlfield tag="001">n  91057998 </controlfield>
  <controlfield tag="003">DLC</controlfield>
  <controlfield tag="005">19910611165654.3</controlfield>
  <controlfield tag="008">910611n| acannaab|          |n aaa |||  </controlfield>
  <datafield tag="010" ind1=" " ind2=" ">
    <subfield code="a">n  91057998 </subfield>
  </datafield>
  <datafield tag="040" ind1=" " ind2=" ">
    <subfield code="a">DLC</subfield>
    <subfield code="c">DLC</subfield>
  </datafield>
  <datafield tag="100" ind1="1" ind2="0">
    <subfield code="a">Wilson, Nancy L.,</subfield>
    <subfield code="d">1950-</subfield>
  </datafield>
  <datafield tag="670" ind1=" " ind2=" ">
    <subfield code="a">Amazing grace, c1991:</subfield>
    <subfield code="b">CIP t.p. (Nancy L. Wilson) info. from pub. (pastor of the Los Angeles home parish of the Universal Fellowship of Metropolitan Community Churches)</subfield>
  </datafield>
  <datafield tag="670" ind1=" " ind2=" ">
    <subfield code="a">Phone call to pub., 06-11-91</subfield>
    <subfield code="b">(b. 1950)</subfield>
  </datafield>
</record>